@article{PhilipsAndParks,
  author  = {Howard, Philip and Parks, Malcolm},
  year    = {2012},
  month   = {04},
  pages   = {},
  title   = {Social Media and Political Change: Capacity, Constraint, and Consequence},
  volume  = {62},
  journal = {Journal of Communication},
  doi     = {10.1111/j.1460-2466.2012.01626.x}
}
@misc{Sportapp72:online,
  author       = {Dorien Vanmeldert},
  title        = {Sportapp Strava laat fietsdieven of stalkers nog altijd meekijken | VRT NWS: nieuws},
  howpublished = {\url{https://www.vrt.be/vrtnws/nl/2022/10/28/strava-kul/}},
  month        = {October},
  year         = {2022},
  note         = {(Accessed on 02/20/2023)}
}
@misc{Dhondt_Pochat_Voulimeneas_Joosen_Volckaert_2022,
  title     = {A Run a Day Won’t Keep the Hacker Away: Inference Attacks on Endpoint Privacy Zones in Fitness Tracking Social Networks},
  howpublished       = {osf.io/3m5ut},
  publisher = {OSF},
  author    = {Dhondt, Karel and Le Pochat, Victor and Voulimeneas, Alexios and Joosen, Wouter and Volckaert, Stijn},
  year      = {2022},
  month     = {Nov}
}
@mastersthesis{Verdonck_2022,
  address      = {Leuven},
  title        = {Inferentie-aanvallen met hoogteprofielen tegen (endpoint) privacy zones in fitness tracking sociale netwerken},
  abstractnote = {Fitness tracking sociale netwerken geven gebruikers de mogelijkheid hun sportactiviteiten op te nemen en te delen met andere gebruikers. Deze sociale netwerken zijn handig in het bijhouden van eigen prestaties en het vergelijken met andere gebruikers, maar brengen een privacyrisico met zich mee. Malafide gebruikers kunnen uit locatiegegevens van de activiteiten de woon- of werkplaats van andere gebruikers afleiden. Endpoint privacy zones (EPZs) zijn ontwikkeld om dit te verhinderen. Dit zijn veilige zones rond een beschermde locatie waarin het traject van een activiteit niet weergegeven wordt.  Eerder onderzoek wees al uit dat EPZs kwetsbaar zijn voor inferentie-aanvallen waarbij de afgelegde afstand gebruikt wordt. Activiteiten bevatten echter nog informatie, zoals een hoogteprofiel, die mogelijks gebruikt kan worden voor een inferentie-aanval. Dit werk toont aan dat EPZs ook kwetsbaar zijn voor inferentie-aanvallen die gebruikmaken van hoogteprofielen. Dit wordt gedaan door aanvallen uit te voeren op gebruikers van het populaire fitness tracking sociale netwerk Strava. De aanval combineert de totale hoogtetoename en de informatie over het hoogteprofiel die na het toepassen van een EPZ nog aanwezig is met het wegennetwerk en de toegangspunten tot de EPZ. Met die informatie kan een aanvaller de mogelijke paden in de EPZ bepalen en met een regressieanalyse de beschermde locatie voorspellen.  Eerst wordt een poging gedaan om de berekening van de hoogtetoename van Strava te reverse engineeren. Deze berekening kan benaderd worden door verschillende methodes te implementeren en te vergelijken met de berekeningsmethode van Strava. De methode die Strava het best benadert, heeft een gemiddelde afwijking van 6,50 meter. Vervolgens wordt de aanval geïmplementeerd en getest op een dataset van 100 echte gebruikers van Strava. De aanval haalt een success rate tot 36,36% op de geteste EPZs. Vooral afwijkingen bij het berekenen van de hoogtetoename en grotere radii zorgen voor een lage success rate. De success rate stijgt wanneer er veel en geografisch gespreide activiteiten zijn. Gebieden met een dicht wegennet en een vlak reliëf verminderen de kans op een succesvolle aanval.},
  note         = {Book Title: Inferentie-aanvallen met hoogteprofielen tegen (endpoint) privacy zones in fitness tracking sociale netwerken},
  school       = {KU Leuven. Faculteit Industriële Ingenieurswetenschappen},
  author       = {Verdonck, Tibo},
  year         = {2022},
  language     = {dut}
} 
@article{Carr_Hayes_2015,
  title        = {Social Media: Defining, Developing, and Divining},
  volume       = {23},
  issn         = {1545-6870},
  doi          = {10.1080/15456870.2015.972282},
  abstractnote = {What is a social medium, and how may one moderate, isolate, and influence communicative processes within? Although scholars assume an inherent understanding of social media based on extant technology, there is no commonly accepted definition of what social media are, both functionally and theoretically, within communication studies. Given this lack of understanding, cogent theorizing regarding the uses and effects of social media has been limited. This work first draws on extant definitions of social media and subcategories (e.g., social network sites) from public relations, information technology, and management scholarship, as well as the popular press, to develop a definition of social media precise enough to embody these technologies yet robust enough to remain applicable in 2035. It then broadly explores emerging developments in the features, uses, and users of social media for which future theories will need to account. Finally, it divines and prioritizes challenges that may not yet be apparent to theorizing communication processes with and in mercurial social media. We address how social media may uniquely isolate and test communicative principles to advance our understanding of human–human and human–computer interaction. In all, this article provides a common framework to ground and facilitate future communication scholarship and beyond.},
  number       = {1},
  journal      = {Atlantic Journal of Communication},
  publisher    = {Routledge},
  author       = {Carr, Caleb T. and Hayes, Rebecca A.},
  year         = {2015},
  month        = {Jan},
  pages        = {46–65}
} 
@misc{Cyclistw89:online,
  author       = {Alex Bowden},
  title        = {Cyclist who had five bikes stolen says thieves are looking for quick times on Strava to try and find high-end bikes – warns other users to check their privacy settings | road.cc},
  howpublished = {\url{https://road.cc/content/news/248798-cyclist-who-had-five-bikes-stolen-says-thieves-are-looking-quick-times-strava}},
  month        = {September},
  year         = {2018},
  note         = {(Accessed on 02/20/2023)}
}
@misc{Fitnesst33:online,
  author       = {Alex Hern},
  title        = {Fitness tracking app Strava gives away location of secret US army bases | GPS | The Guardian},
  howpublished = {\url{https://www.theguardian.com/world/2018/jan/28/fitness-tracking-app-gives-away-location-of-secret-us-army-bases}},
  month        = {January},
  year         = {2018},
  note         = {(Accessed on 02/20/2023)}
}
@misc{Stravapr81:online,
  author       = {Strava, Inc},
  title        = {Strava-privacybeleid},
  howpublished = {\url{https://www.strava.com/legal/privacy}},
  month        = {},
  year         = {2021},
  note         = {(Accessed on 02/20/2023)}
}
@misc{Stravas24:online,
  author       = {Strava, Inc},
  title        = {Strava’s Year In Sport 2021 charts trajectory of ongoing sports boom},
  howpublished = {\url{https://blog.strava.com/nl/press/yis2021/}},
  month        = {December},
  year         = {2021},
  note         = {(Accessed on 02/26/2023)}
}
@misc{MovingTi80:online,
  author       = {Strava, Inc},
  title        = {Moving Time, Speed, and Pace Calculations – Strava Support},
  howpublished = {\url{https://support.strava.com/hc/en-us/articles/115001188684-Moving-Time-Speed-and-Pace-Calculations}},
  month        = {September},
  year         = {2022},
  note         = {(Accessed on 02/26/2023)}
}
@article{sec18has3:online,
  title        = {Analysis of Privacy Protections in Fitness Tracking Social Networks -or- You can run, but can you hide?},
  url          = {https://osf.io/3m5ut/},
  abstractnote = {},
  publisher    = {},
  author       = {Wajih Ul Hassan, Saad Hussain, Adam Bates},
  year         = {2018},
  month        = {August},
  language     = {en}
}
@misc{Activity24:online,
  author       = {Strava, Inc},
  title        = {Activity Privacy Controls – Strava Support},
  howpublished = {\url{https://support.strava.com/hc/en-us/articles/216919377-Activity-Privacy-Controls}},
  month        = {February},
  year         = {2023},
  note         = {(Accessed on 02/27/2023)}
}
@misc{HowDista47:online,
  author       = {Strava, Inc},
  title        = {How Distance is Calculated – Strava Support},
  howpublished = {\url{https://support.strava.com/hc/en-us/articles/216919487-How-Distance-is-Calculated}},
  month        = {February},
  year         = {2023},
  note         = {(Accessed on 03/01/2023)}
}
@misc{BadGPSDa19:online,
  author       = {Strava, Inc},
  title        = {Bad GPS Data – Strava Support},
  howpublished = {\url{https://support.strava.com/hc/en-us/articles/216917707-Bad-GPS-Data}},
  month        = {February},
  year         = {2023},
  note         = {(Accessed on 03/01/2023)}
}
@misc{Snapping96:online,
  author = {James Croft},
  title = {Snapping GPS tracks to roads},
  howpublished = {\url{https://www.jamesrcroft.com/2015/06/snapping-gps-tracks-to-roads/}},
  month = {June},
  year = {2015},
  note = {(Accessed on 04/07/2023)}
}
@misc{seiler2022haul,
      title={Haul Road Mapping from GPS Traces}, 
      author={Konstantin M. Seiler},
      year={2022},
      eprint={2206.13936},
      archivePrefix={arXiv},
      primaryClass={cs.LG}
}
@misc{Smoothin16:online,
  author = {Jeffrey Early},
  title = {Smoothing and interpolating noisy GPS data},
  howpublished = {\url{https://jeffreyearly.com/smoothing-and-interpolating-noisy-gps-data/}},
  month = {March},
  year = {2020},
  note = {(Accessed on 04/07/2023)}
}
@article {SmoothingandInterpolatingNoisyGPSDatawithSmoothingSplines,
      author = "Jeffrey J. Early and Adam M. Sykulski",
      title = "Smoothing and Interpolating Noisy GPS Data with Smoothing Splines",
      journal = "Journal of Atmospheric and Oceanic Technology",
      year = "2020",
      publisher = "American Meteorological Society",
      address = "Boston MA, USA",
      volume = "37",
      number = "3",
      doi = "https://doi.org/10.1175/JTECH-D-19-0087.1",
      pages=      "449 - 465",
      howpublished = "https://journals.ametsoc.org/view/journals/atot/37/3/JTECH-D-19-0087.1.xml"
}
@article{article,
author = {Ladetto, Quentin and Gabaglio, V. and Merminod, Bertrand},
year = {2001},
month = {01},
pages = {},
title = {Combining Gyroscopes, Magnetic Compass and GPS for Pedestrian Navigation},
journal = {Proceedings of the International Symposium on Kinematic Systems in Geodesy, Geomatics, and Navigation}
}
@misc{Smoothin86:online,
author = {Federal Reserve Bank of Dallas},
title = {Smoothing Data with Moving Averages - Dallasfed.org},
howpublished = {\url{https://www.dallasfed.org/research/basics/moving#:~:text=A%20moving%20average%20smoothes%20a,the%20variable's%20timeliness%20is%20lost.}},
month = {},
year = {n.d.},
note = {(Accessed on 04/13/2023)}
}
@inproceedings{10.1145/3491102.3502136,
author = {Mink, Jaron and Yuile, Amanda Rose and Pal, Uma and Aviv, Adam J and Bates, Adam},
title = {Users Can Deduce Sensitive Locations Protected by Privacy Zones on Fitness Tracking Apps},
year = {2022},
isbn = {9781450391573},
publisher = {Association for Computing Machinery},
address = {New York, NY, USA},
url = {https://doi.org/10.1145/3491102.3502136},
doi = {10.1145/3491102.3502136},
abstract = {Fitness tracking applications allow athletes to record and share their exercises online, including GPS routes of their activities. However, sharing mobility data potentially raises real-world privacy and safety risks. One strategy to mitigate that risk is a “Privacy Zone,” which conceals portions of the exercise routes that fall within a certain radius of a user-designated sensitive location. A pressing concern is whether privacy zones are an effective deterrent against common attackers, such as a bike thief that carefully scrutinizes online exercise activities in search of their next target. Further, little is known about user perceptions of privacy zones or how they fit into the broader landscape of available privacy precautions. This work presents an online user study (N=603) that investigates the privacy concerns of fitness tracking users and evaluates the efficacy of privacy zones. Participants were first asked about their privacy behaviors with respect to fitness tracking applications. Next, participants completed an interactive task in which they attempted to deduce hidden locations protected by a privacy zone; we manipulated the number of displayed exercise activities that interacted with the privacy zone, as well as its size. Finally, participants were asked further questions about their impressions of privacy zones and use of other privacy precautions. We found that participants successfully inferred protected locations; for the most common privacy zone size, 68% of guesses fell within 50 meters of the hidden location when participants were shown just 3 activities. Further, we found that participants who viewed 3 activities were more confident about their success in the task compared to participants who viewed 1 activity. Combined, these results indicate that users’ privacy-sensitive locations are at risk even when using a privacy zone. We conclude by considering the implications of our findings on related privacy features and discuss recommendations to fitness tracking users and services to improve the privacy and safety of fitness trackers.},
booktitle = {Proceedings of the 2022 CHI Conference on Human Factors in Computing Systems},
articleno = {448},
numpages = {21},
keywords = {online survey, privacy, Fitness trackers, data sharing, privacy zones},
location = {New Orleans, LA, USA},
series = {CHI '22}
}
@misc{Tempomin61:online,
author = {Henriette Driesen-Joanknecht},
title = {Tempo (min/km) vs snelheid (km/h) bij hardlopen – Sport sneller massage, preventie, Nijmegen},
howpublished = {\url{https://sportsneller.nl/2020/11/25/tempo-min-km-vs-snelheid-km-h-bij-hardlopen/#:~:text=Waarom%20gebruiken%20hardlopers%20geen%20km,de%20snelheid%20uit%20te%20drukken.}},
month = {November},
year = {2020},
note = {(Accessed on 04/18/2023)}
}
@misc{Understa24:online,
author = {},
title = {Understanding K-means Clustering in Machine Learning | by Education Ecosystem (LEDU) | Towards Data Science},
howpublished = {\url{https://towardsdatascience.com/understanding-k-means-clustering-in-machine-learning-6a6e67336aa1}},
month = {},
year = {},
note = {(Accessed on 04/25/2023)}
}
